@Book{Cunningham2011a,
  author = {Hamish Cunningham and Diana Maynard and Kalina Bontcheva and Valentin Tablan and Niraj Aswani and Ian Roberts and
    Genevieve Gorrell and Adam Funk and Angus Roberts and Danica Damljanovic and Thomas Heitz and Mark A. Greenwood and
    Horacio Saggion and Johann Petrak and Yaoyong Li and Wim Peters},
  title = {{Text Processing with GATE (Version 6)}},
  isbn = {978-0956599315},
  year = 2011,
  url = {http://tinyurl.com/gatebook}
}

@article{CC01a,
 author = {Chang, Chih-Chung and Lin, Chih-Jen},
 title = {{LIBSVM}: A library for support vector machines},
 journal = {ACM Transactions on Intelligent Systems and Technology},
 volume = {2},
 issue = {3},
 year = {2011},
 pages = {27:1--27:27},
 note =	 {Software available at \url{http://www.csie.ntu.edu.tw/~cjlin/libsvm}}
}

@InProceedings{Cunningham2002,
  author = {Hamish Cunningham and Diana Maynard and Kalina Bontcheva and Valentin Tablan},
  title = {{GATE: A Framework and Graphical Development Environment for Robust NLP Tools and Applications}},
  booktitle = {Proceedings of the 40th Anniversary Meeting of the Association for Computational Linguistics (ACL'02)},
  year = 2002
}

@article{sanchez,
 author = {E. Stamatatos, N. Fakotakis, G. Kokkinakis},
 title = {Computer-Based Authorship Attribution Without Lexical Measures},
 journal = {Computers and the Humanities},
 volume = {35},
 year = {2011},
 pages = {193--214},
 note =	 {Article available at \url{http://www.iula.upf.edu/materials/050401sanchez.pdf}}
}

%%% Author Identification Task 2015
@INPROCEEDINGS{stamatatos:2015,
        AUTHOR             = {Efstathios Stamatatos and Walter Daelemans and Ben Verhoeven and Patrick Juola and Aurelio {Lopez Lopez} and Martin Potthast and Benno Stein},
        BOOKTITLE          = {Working Notes Papers of the CLEF 2015 Evaluation Labs},
        ISBN               = {},
        ISSN               = {1613-0073},
        MONTH              = sep,
        PUBLISHER          = {CLEF and CEUR-WS.org},
        SERIES             = {CEUR Workshop Proceedings},
        TITLE              = {{Overview of the Author Identification Task at PAN 2015}},
        URL                = {http://www.clef-initiative.eu/publication/working-notes},
        YEAR               = {2015}
}